%%% Bibliografia:
 
@article{Graham72,
author          = "R. L. Graham",
title           = "An efficient algorithm for determining the convex hull of a
                  finite planar set",
journal         = "Information processing letters",
pages           = "132--133",
month           = "styczeń",
year            = 1972,
bibdate         = "Mon Jan 12 07:43:34 MST 2004",
bibsource       = "http://www.math.ucsd.edu/~ronspubs/72_10_convex_hull.pdf",
}

@conference{ShamosHoey76,
    author    = "M. I. Shamos i D. Hoey",
    title     = "Geometric intersection problems",
    booktitle = "Seventeeth Annual IEEE Symposium on Foundations of Computer Science",
    pages     = "208---215",
    year      = "1976",
    month     = "październik",
}

@book{Orourke98,
    author    = "J. O{'}Rourke",
    title     = "Computional Geometry in C",
    edition   = "second",
    publisher = "Cambridge University Press",
    year      = 1998,
    pages     = "252---262",
}

@booklet{ToussaintInt,
    author    = "G. T. Toussaint",
    title     = "A Simple Linear Algorithm for Intersecting Convex Polygons",
    institution = "School of Computer Science{,} McGill University",
    year      = 1985,
}

@booklet{Toussaint83,
    author    = "G. T. Toussaint",
    title     = "Solving geometric problems with the rotating calipers",
    institution = "School of Computer Science{,} McGill University",
    year      = 1983,
}

@book{HockYou61,
    author    = "J. G. Hocking i G. S. Young",
    title     = "Topology",
    publisher = "Addison--Wesley",
    year      = "1961",
}

@book{YagBol61,
    author    = "I. M. Yaglom i V. G. Boltyanskii",
    title     = "Convex Figures",
    publisher  = "Hold, Rinehart and Winston",
    year      = "1961",
}

@article{Meisters75,
author          = "G. H. Meisters",
title           = "Polygons have ears",
journal         = "American Mathematical Monthly",
pages           = "648---651",
month           = "czerwiec/lipiec",
year            = 1975,
}

@book{FreeShap75,
    author    = "H. Freeman i R. Shapira",
    title     = "Determining the minimum-area encasing rectangle for
                  an arbitrary closed curve",
    publisher  = "Comm. A.C.M",
    year      = "1961",
    volume = "18",
    month = "lipiec",
    pages = "409---413",
}

@book{Chazelle83,
    author    = "B. Chazelle",
    title     = "Advances in Computing Research",
    publisher = "JAI Press Inc.",
    volume    = "1",
    year      = "1983",
    pages     = "1---33",
}

@booklet{Brown78,
    author    = "K. Q. Brown",
    title     = "Fast intersection of half spaces",
    institution = "Carnagie Mellon University{,} Computer Science Departament",
    year      = 1978,
}
